@article{dummy,
  title={dummy},
  author={dummy, d},
  journal={dummy},
  volume={00},
  number={00},
  pages={00--01},
  year={2000},
}